{
    "marcrecords": [
        {
          "id":"7b9d85f6-8cea-4c4a-a02b-2535c0641c7a",
          "instanceId":"478685ba-ed91-4f61-83bd-d1cfe7152753",
          "institutionId": "b4578dbc-4dd9-4ac1-9c01-8a13f65aa95e",
          "localIdentifier": "029857716",
          "parsedMarc": {
              "leader":"00452nam a2200169 ca4500",
              "fields":[
                {"001":"029857716"},
                {"003":"DE-601"},
                {"005":"20180511131518.0"},
                {"008":"900626m19799999xxk\\\\\\\\\\\\\\\\\\\\\\000\\0\\eng\\d"},
                {"035":{"ind1":"\\",
                        "ind2":"\\",
                        "subfields":[{"a":"(DE-599)GBV029857716"}]}},
                {"040":{"ind1":"\\",
                        "ind2":"\\",
                        "subfields":[{"b":"ger"},
                                     {"c":"GBVCP"}]}},
                {"041":{"ind1":"0",
                        "ind2":"\\",
                        "subfields":[{"a":"eng"}]}},
                {"044":{"ind1":"\\",
                        "ind2":"\\",
                        "subfields":[{"a":"xxk"},
                                     {"a":"at"}]}},
                {"100":{"ind1":"1",
                        "ind2":"\\",
                        "subfields":[{"a":"Adams, Douglas"}]}},
                {"245":{"ind1":"1",
                        "ind2":"4",
                        "subfields":[{"a":"The Hitch Hiker's guide to the Galaxy"},
                                     {"c":"Douglas Adams"}]}},
                {"246":{"ind1":"1",
                        "ind2":"3",
                        "subfields":[{"i":"Nebent."},
                                     {"a":"The hitchhiker series"}]}},
                {"264":{"ind1":"3",
                        "ind2":"1",
                        "subfields":[{"a":"London [u.a.]"},
                                     {"b":"Pan Books"},
                                     {"c":"1979-"}]}}
              ]
          }
        }
    ],
    "totalRecords": 1
}
